@article{Hall,
  title={The algebra of partitions},
  author={Hall Philip},
  journal={Proc. 4th Canadian Math. Congress},
  pages={147-159},
  year={1959}
}

@article{ringel1990hall,
  title={Hall algebras and quantum groups},
  author={Ringel, Claus Michael},
  journal={Inventiones mathematicae},
  volume={101},
  number={1},
  pages={583--591},
  year={1990},
  publisher={Springer}
}

@article{lusztig1991quivers,
  title={Quivers, perverse sheaves, and quantized enveloping algebras},
  author={Lusztig, George},
  journal={Journal of the american mathematical society},
  volume={4},
  number={2},
  pages={365--421},
  year={1991},
  publisher={JSTOR}
}

@article{ToenDerivedHallAlgebra,
  title={Derived Hall algebras},
  author={To{\"e}n, Bertrand and others},
  journal={Duke Mathematical Journal},
  volume={135},
  number={3},
  pages={587--615},
  year={2006},
  publisher={Duke University Press}
}

@article{coHA,
  title={Cohomological Hall algebra, exponential Hodge structures and motivic Donaldson-Thomas invariants},
  author={Kontsevich, Maxim and Soibelman, Yan},
  journal={arXiv preprint arXiv:1006.2706},
  year={2010}
}

@article{KapranovDyckerhoff,
  title={Higher Segal spaces I},
  author={Dyckerhoff, Tobias and Kapranov, Mikhail},
  journal={arXiv preprint arXiv:1212.3563},
  year={2012}
}
@article{Dyckerhoff,
  title={Higher categorical aspects of Hall Algebras},
  author={Dyckerhoff, Tobias},
  journal={arXiv preprint arXiv:1505.06940},
  year={2015}
}
@article{Green,
  title={Hall algebras, hereditary algebras and quantum groups},
  author={Green, James A},
  journal={Inventiones mathematicae},
  volume={120},
  number={1},
  pages={361--377},
  year={1995},
  publisher={Springer}
}

@article{Gaitsgory-drinfeld,
  title={On some finiteness questions for algebraic stacks},
  author={Drinfeld, Vladimir and Gaitsgory, Dennis},
  journal={Geometric and Functional Analysis},
  volume={23},
  number={1},
  pages={149--294},
  year={2013},
  publisher={Springer}
}

@article{Toen-Vezzosi1,
  title={Homotopical algebraic geometry I: Topos theory},
  author={To{\"e}n, Bertrand and Vezzosi, Gabriele},
  journal={Advances in mathematics},
  volume={193},
  number={2},
  pages={257--372},
  year={2005},
  publisher={Elsevier}
}

@book{Toen-Vezzosi2,
  title={Homotopical Algebraic Geometry II: Geometric Stacks and Applications: Geometric Stacks and Applications},
  author={To{\"e}n, Bertrand and Vezzosi, Gabriele},
  volume={2},
  year={2008},
  publisher={American Mathematical Soc.}
}

@phdthesis{Thesis,
    title={Categorical Heisenberg double},
    author={Elena Gal},
    school={Tel Aviv University},
    year={2015}
}

@article{Joyal-StreetBTC,
title = "Braided Tensor Categories",
journal = "Advances in Mathematics",
volume = "102",
number = "1",
pages = "20 - 78",
year = "1993",
issn = "0001-8708",
doi = "http://dx.doi.org/10.1006/aima.1993.1055",
url = "http://www.sciencedirect.com/science/article/pii/S0001870883710558",
author = "A. Joyal and R. Street",

}

@article{Dunn,
title = "Tensor product of operads and iterated loop spaces",
journal = "Journal of Pure and Applied Algebra",
volume = "50",
number = "3",
pages = "237 - 258",
year = "1988",
issn = "0022-4049",
doi = "http://dx.doi.org/10.1016/0022-4049(88)90103-X",
url = "http://www.sciencedirect.com/science/article/pii/002240498890103X",
author = "Gerald Dunn",

}

@article{Franco,
title = "Tensor products of finitely cocomplete and abelian categories ",
journal = "Journal of Algebra ",
volume = "396",
number = "",
pages = "207 - 219",
year = "2013",
issn = "0021-8693",
doi = "http://dx.doi.org/10.1016/j.jalgebra.2013.08.015",
url = "http://www.sciencedirect.com/science/article/pii/S0021869313004626",
author = "Ignacio López Franco",
keywords = "Deligneʼs tensor product,Abelian category,Colimit "
}

@article{Joyal-StreetGLn,
  title={The category of representations of the general linear groups over a finite field},
  author={Joyal, Andr{\'e} and Street, Ross},
  journal={Journal of Algebra},
  volume={176},
  number={3},
  pages={908--946},
  year={1995},
  publisher={Elsevier}
}

@article{GeometricHallAlgebra1,
  title={A geometric approach to Hall algebras II: The bi-algebra structure},
  author={Gal, Adam and Gal, Elena},
  journal={ArXiv preprint 	arXiv:1611.09140},
  year={2016}
}

@article{GeometricHallAlgebra2,
  title={A geometric approach to Hall algebras II: The bi-algebra structure},
  author={Gal, Adam and Gal, Elena and Kremnitzer,Kobi},
  journal={in preparation},
  year={2016}
}

@article{cubicalHott,
  title={Cubical sets and the topological topos},
  author={Spitters, Bas},
  journal={arXiv preprint arXiv:1610.05270},
  year={2016}
}